<record><leader>00000cas a2200000 a 4500</leader><controlfield tag="001">28679315</controlfield><controlfield tag="008">930821d1882189uiludn ne      0    0eng c</controlfield><datafield ind1=" " ind2=" " tag="010"><subfield code="a">sn 93057117 </subfield></datafield><datafield ind1=" " ind2=" " tag="040"><subfield code="a">NVF</subfield><subfield code="b">eng</subfield><subfield code="c">NVF</subfield><subfield code="d">CVF</subfield><subfield code="d">OCLCQ</subfield><subfield code="d">NVF</subfield><subfield code="d">OCLCQ</subfield><subfield code="d">OCLCF</subfield><subfield code="d">OCLCO</subfield></datafield><datafield ind1="1" ind2=" " tag="029"><subfield code="a">AU@</subfield><subfield code="b">000025853712</subfield></datafield><datafield ind1=" " ind2=" " tag="042"><subfield code="a">pcc</subfield></datafield><datafield ind1=" " ind2=" " tag="043"><subfield code="a">n-us-il</subfield></datafield><datafield ind1="0" ind2="4" tag="245"><subfield code="a">The Joliet daily republic and sun.</subfield></datafield><datafield ind1="1" ind2=" " tag="246"><subfield code="i">Occasionally published as:</subfield><subfield code="a">Joliet republic and sun</subfield></datafield><datafield ind1=" " ind2=" " tag="260"><subfield code="a">Joliet, Ill. :</subfield><subfield code="b">Robert Mann Woods,</subfield><subfield code="c">1882-[189-?]</subfield></datafield><datafield ind1=" " ind2=" " tag="300"><subfield code="a">v.</subfield></datafield><datafield ind1=" " ind2=" " tag="310"><subfield code="a">Daily (except Monday)</subfield></datafield><datafield ind1="0" ind2=" " tag="362"><subfield code="a">Vol. 4, no. 307 (Dec. 31, 1882)-</subfield></datafield><datafield ind1=" " ind2=" " tag="515"><subfield code="a">Continues the numbering of: Joliet daily republic.</subfield></datafield><datafield ind1=" " ind2=" " tag="580"><subfield code="a">Weekly ed.: The Joliet republic and sun, 1883-&lt;1891&gt;.</subfield></datafield><datafield ind1=" " ind2=" " tag="580"><subfield code="a">Formed by the union of: Joliet sun (Joliet, Ill. : Daily) and: Joliet daily republic.</subfield></datafield><datafield ind1=" " ind2=" " tag="588"><subfield code="a">Latest issue consulted: June 30, 1891.</subfield></datafield><datafield ind1=" " ind2="0" tag="651"><subfield code="a">Joliet (Ill.)</subfield><subfield code="v">Newspapers.</subfield></datafield><datafield ind1=" " ind2="7" tag="655"><subfield code="a">Newspapers.</subfield><subfield code="2">fast</subfield><subfield code="0">(OCoLC)fst01423814</subfield></datafield><datafield ind1=" " ind2="7" tag="651"><subfield code="a">Illinois</subfield><subfield code="z">Joliet.</subfield><subfield code="2">fast</subfield><subfield code="0">(OCoLC)fst01205950</subfield></datafield><datafield ind1=" " ind2=" " tag="752"><subfield code="a">United States</subfield><subfield code="b">Illinois</subfield><subfield code="c">Will</subfield><subfield code="d">Joliet.</subfield></datafield><datafield ind1="1" ind2=" " tag="775"><subfield code="t">Joliet republic and sun</subfield><subfield code="w">(DLC)sn 94054303</subfield><subfield code="w">(OCoLC)30308149</subfield></datafield><datafield ind1="1" ind2="4" tag="780"><subfield code="t">Joliet sun (Joliet, Ill. : Daily)</subfield><subfield code="w">(DLC)sn 93057119</subfield><subfield code="w">(OCoLC)28692368</subfield></datafield><datafield ind1="1" ind2="4" tag="780"><subfield code="t">Joliet daily republic</subfield><subfield code="w">(DLC)sn 94054307</subfield><subfield code="w">(OCoLC)30308315</subfield></datafield><datafield ind1="0" ind2="0" tag="785"><subfield code="t">Daily Republican (Joliet, Ill.)</subfield><subfield code="w">(DLC)sn 94054308</subfield><subfield code="w">(OCoLC)30308532</subfield></datafield></record>